@incollection{deng2014large,
  title={Large-scale object classification using label relation graphs},
  author={Deng, Jia and Ding, Nan and Jia, Yangqing and Frome, Andrea and Murphy, Kevin and Bengio, Samy and Li, Yuan and Neven, Hartmut and Adam, Hartwig},
  booktitle={Computer Vision--ECCV 2014},
  pages={48--64},
  year={2014},
  publisher={Springer}
}